% This file was created with JabRef 2.7.
% Encoding: Cp1252

@Misc{OpenCV:PCA,
	title = {OpenCV Tutorials - Introduction to Principal Component Analysis (PCA)},
	note = {Eingesehen am 14.07.2018},
	url = {https://docs.opencv.org/3.1.0/d1/dee/tutorial_introduction_to_pca.html},
	howpublished = "\url{https://docs.opencv.org/3.1.0/d1/dee/tutorial_introduction_to_pca.html}",
	key = {OpenCV:PCA},
}

@Misc{RGBCube,
	title = {RGB Color Space},
	note = {Eingesehen am 14.07.2018},
	url = {https://commons.wikimedia.org/wiki/File:RGB_color_solid_cube.png}
	howpublished = "\url{https://commons.wikimedia.org/wiki/File:RGB_color_solid_cube.png}"
	key={RGBCube}	
}

@Misc{HSVCylinder,
	title = {HSV Color Space},
	note = {Eingesehen am 14.07.2018},
	url = {https://commons.wikimedia.org/wiki/File:HSV_color_solid_cylinder.png}
	howpublished = "\url{https://commons.wikimedia.org/wiki/File:HSV_color_solid_cylinder.png}"
	key={HSVCylinder}	
}


@BOOK{Muller:2011,
  title = {Vorkurs Informatik: Der Einstieg ins Informatikstudium},
  publisher = {Vieweg+Teubner Verlag | Springer Fachmedien Wiesbaden GmbH},
  year = {2011},
  author = {M{\"u}ller, H. and Weichert, F.},
  edition = {2. Auflage},
  timestamp = {2012.05.27}
}

